%% Created using Papers on Tue, 20 Aug 2013.
%% http://papersapp.com/papers/

@article{Levene:1949va,
author = {Levene, Howard},
title = {{On a matching problem arising in genetics}},
journal = {The Annals of Mathematical Statistics},
year = {1949},
volume = {20},
number = {1},
pages = {91--94}
}

@article{Schraiber:2012it,
author = {Schraiber, Joshua G and Shih, Stephannie and Slatkin, Montgomery},
title = {{Genomic tests of variation in inbreeding among individuals and among chromosomes}},
journal = {Genetics},
year = {2012},
volume = {192},
number = {4},
pages = {1477--1482},
month = nov
}

@article{Haldane:1954ts,
author = {Haldane, JBS},
title = {{An exact test for randomness of mating}},
journal = {Journal of Genetics},
year = {1954},
volume = {52},
number = {3},
pages = {631--635}
}
